%YAML 1.1
%TAG !u! tag:unity3d.com,2011:
--- !u!29 &1
OcclusionCullingSettings:
  m_ObjectHideFlags: 0
  serializedVersion: 2
  m_OcclusionBakeSettings:
    smallestOccluder: 5
    smallestHole: 0.25
    backfaceThreshold: 100
  m_SceneGUID: 00000000000000000000000000000000
  m_OcclusionCullingData: {fileID: 0}
--- !u!104 &2
RenderSettings:
  m_ObjectHideFlags: 0
  serializedVersion: 9
  m_Fog: 0
  m_FogColor: {r: 0.5, g: 0.5, b: 0.5, a: 1}
  m_FogMode: 3
  m_FogDensity: 0.01
  m_LinearFogStart: 0
  m_LinearFogEnd: 300
  m_AmbientSkyColor: {r: 0.212, g: 0.227, b: 0.259, a: 1}
  m_AmbientEquatorColor: {r: 0.114, g: 0.125, b: 0.133, a: 1}
  m_AmbientGroundColor: {r: 0.047, g: 0.043, b: 0.035, a: 1}
  m_AmbientIntensity: 1
  m_AmbientMode: 0
  m_SubtractiveShadowColor: {r: 0.42, g: 0.478, b: 0.627, a: 1}
  m_SkyboxMaterial: {fileID: 10304, guid: 0000000000000000f000000000000000, type: 0}
  m_HaloStrength: 0.5
  m_FlareStrength: 1
  m_FlareFadeSpeed: 3
  m_HaloTexture: {fileID: 0}
  m_SpotCookie: {fileID: 10001, guid: 0000000000000000e000000000000000, type: 0}
  m_DefaultReflectionMode: 0
  m_DefaultReflectionResolution: 128
  m_ReflectionBounces: 1
  m_ReflectionIntensity: 1
  m_CustomReflection: {fileID: 0}
  m_Sun: {fileID: 0}
  m_IndirectSpecularColor: {r: 0.44657898, g: 0.4964133, b: 0.5748178, a: 1}
  m_UseRadianceAmbientProbe: 0
--- !u!157 &3
LightmapSettings:
  m_ObjectHideFlags: 0
  serializedVersion: 12
  m_GIWorkflowMode: 1
  m_GISettings:
    serializedVersion: 2
    m_BounceScale: 1
    m_IndirectOutputScale: 1
    m_AlbedoBoost: 1
    m_EnvironmentLightingMode: 0
    m_EnableBakedLightmaps: 1
    m_EnableRealtimeLightmaps: 0
  m_LightmapEditorSettings:
    serializedVersion: 12
    m_Resolution: 2
    m_BakeResolution: 40
    m_AtlasSize: 1024
    m_AO: 0
    m_AOMaxDistance: 1
    m_CompAOExponent: 1
    m_CompAOExponentDirect: 0
    m_ExtractAmbientOcclusion: 0
    m_Padding: 2
    m_LightmapParameters: {fileID: 0}
    m_LightmapsBakeMode: 1
    m_TextureCompression: 1
    m_FinalGather: 0
    m_FinalGatherFiltering: 1
    m_FinalGatherRayCount: 256
    m_ReflectionCompression: 2
    m_MixedBakeMode: 2
    m_BakeBackend: 1
    m_PVRSampling: 1
    m_PVRDirectSampleCount: 32
    m_PVRSampleCount: 512
    m_PVRBounces: 2
    m_PVREnvironmentSampleCount: 256
    m_PVREnvironmentReferencePointCount: 2048
    m_PVRFilteringMode: 1
    m_PVRDenoiserTypeDirect: 1
    m_PVRDenoiserTypeIndirect: 1
    m_PVRDenoiserTypeAO: 1
    m_PVRFilterTypeDirect: 0
    m_PVRFilterTypeIndirect: 0
    m_PVRFilterTypeAO: 0
    m_PVREnvironmentMIS: 1
    m_PVRCulling: 1
    m_PVRFilteringGaussRadiusDirect: 1
    m_PVRFilteringGaussRadiusIndirect: 5
    m_PVRFilteringGaussRadiusAO: 2
    m_PVRFilteringAtrousPositionSigmaDirect: 0.5
    m_PVRFilteringAtrousPositionSigmaIndirect: 2
    m_PVRFilteringAtrousPositionSigmaAO: 1
    m_ExportTrainingData: 0
    m_TrainingDataDestination: TrainingData
    m_LightProbeSampleCountMultiplier: 4
  m_LightingDataAsset: {fileID: 112000000, guid: 12c75218e38ca8844964de524c23c89e, type: 2}
  m_LightingSettings: {fileID: 0}
--- !u!196 &4
NavMeshSettings:
  serializedVersion: 2
  m_ObjectHideFlags: 0
  m_BuildSettings:
    serializedVersion: 2
    agentTypeID: 0
    agentRadius: 0.5
    agentHeight: 2
    agentSlope: 45
    agentClimb: 0.4
    ledgeDropHeight: 0
    maxJumpAcrossDistance: 0
    minRegionArea: 2
    manualCellSize: 0
    cellSize: 0.16666667
    manualTileSize: 0
    tileSize: 256
    accuratePlacement: 0
    maxJobWorkers: 0
    preserveTilesOutsideBounds: 0
    debug:
      m_Flags: 0
  m_NavMeshData: {fileID: 0}
--- !u!1001 &226940376
PrefabInstance:
  m_ObjectHideFlags: 0
  serializedVersion: 2
  m_Modification:
    m_TransformParent: {fileID: 1452422908}
    m_Modifications:
    - target: {fileID: 100000, guid: 4e11ef4f39bc65e44a4b0755ecac6ea1, type: 3}
      propertyPath: m_Name
      value: RampPrototype04x02x02
      objectReference: {fileID: 0}
    - target: {fileID: 400000, guid: 4e11ef4f39bc65e44a4b0755ecac6ea1, type: 3}
      propertyPath: m_RootOrder
      value: 1
      objectReference: {fileID: 0}
    - target: {fileID: 400000, guid: 4e11ef4f39bc65e44a4b0755ecac6ea1, type: 3}
      propertyPath: m_LocalPosition.x
      value: 8.4496155
      objectReference: {fileID: 0}
    - target: {fileID: 400000, guid: 4e11ef4f39bc65e44a4b0755ecac6ea1, type: 3}
      propertyPath: m_LocalPosition.y
      value: 7.0748086
      objectReference: {fileID: 0}
    - target: {fileID: 400000, guid: 4e11ef4f39bc65e44a4b0755ecac6ea1, type: 3}
      propertyPath: m_LocalPosition.z
      value: -9.762616
      objectReference: {fileID: 0}
    - target: {fileID: 400000, guid: 4e11ef4f39bc65e44a4b0755ecac6ea1, type: 3}
      propertyPath: m_LocalRotation.w
      value: 1
      objectReference: {fileID: 0}
    - target: {fileID: 400000, guid: 4e11ef4f39bc65e44a4b0755ecac6ea1, type: 3}
      propertyPath: m_LocalRotation.x
      value: -0
      objectReference: {fileID: 0}
    - target: {fileID: 400000, guid: 4e11ef4f39bc65e44a4b0755ecac6ea1, type: 3}
      propertyPath: m_LocalRotation.y
      value: -0
      objectReference: {fileID: 0}
    - target: {fileID: 400000, guid: 4e11ef4f39bc65e44a4b0755ecac6ea1, type: 3}
      propertyPath: m_LocalRotation.z
      value: -0
      objectReference: {fileID: 0}
    - target: {fileID: 400000, guid: 4e11ef4f39bc65e44a4b0755ecac6ea1, type: 3}
      propertyPath: m_LocalEulerAnglesHint.x
      value: 0
      objectReference: {fileID: 0}
    - target: {fileID: 400000, guid: 4e11ef4f39bc65e44a4b0755ecac6ea1, type: 3}
      propertyPath: m_LocalEulerAnglesHint.y
      value: 0
      objectReference: {fileID: 0}
    - target: {fileID: 400000, guid: 4e11ef4f39bc65e44a4b0755ecac6ea1, type: 3}
      propertyPath: m_LocalEulerAnglesHint.z
      value: 0
      objectReference: {fileID: 0}
    m_RemovedComponents: []
  m_SourcePrefab: {fileID: 100100000, guid: 4e11ef4f39bc65e44a4b0755ecac6ea1, type: 3}
--- !u!4 &226940377 stripped
Transform:
  m_CorrespondingSourceObject: {fileID: 400000, guid: 4e11ef4f39bc65e44a4b0755ecac6ea1, type: 3}
  m_PrefabInstance: {fileID: 226940376}
  m_PrefabAsset: {fileID: 0}
--- !u!1 &226940378 stripped
GameObject:
  m_CorrespondingSourceObject: {fileID: 100000, guid: 4e11ef4f39bc65e44a4b0755ecac6ea1, type: 3}
  m_PrefabInstance: {fileID: 226940376}
  m_PrefabAsset: {fileID: 0}
--- !u!64 &226940379
MeshCollider:
  m_ObjectHideFlags: 0
  m_CorrespondingSourceObject: {fileID: 0}
  m_PrefabInstance: {fileID: 0}
  m_PrefabAsset: {fileID: 0}
  m_GameObject: {fileID: 226940378}
  m_Material: {fileID: 0}
  m_IsTrigger: 0
  m_Enabled: 1
  serializedVersion: 4
  m_Convex: 0
  m_CookingOptions: 30
  m_Mesh: {fileID: 4300002, guid: b9d7ac1a0f551404f8d32e1e02b64325, type: 3}
--- !u!1 &646418324
GameObject:
  m_ObjectHideFlags: 0
  m_CorrespondingSourceObject: {fileID: 0}
  m_PrefabInstance: {fileID: 0}
  m_PrefabAsset: {fileID: 0}
  serializedVersion: 6
  m_Component:
  - component: {fileID: 646418326}
  - component: {fileID: 646418325}
  m_Layer: 0
  m_Name: GameManager
  m_TagString: Untagged
  m_Icon: {fileID: 0}
  m_NavMeshLayer: 0
  m_StaticEditorFlags: 0
  m_IsActive: 1
--- !u!114 &646418325
MonoBehaviour:
  m_ObjectHideFlags: 0
  m_CorrespondingSourceObject: {fileID: 0}
  m_PrefabInstance: {fileID: 0}
  m_PrefabAsset: {fileID: 0}
  m_GameObject: {fileID: 646418324}
  m_Enabled: 1
  m_EditorHideFlags: 0
  m_Script: {fileID: 11500000, guid: 389ed2e04bc3e934d988e2c813f3ab90, type: 3}
  m_Name: 
  m_EditorClassIdentifier: 
  playerPrefab: {fileID: 3461162828274083576, guid: ae6e123333de05f4a8201d9345a04e80, type: 3}
--- !u!4 &646418326
Transform:
  m_ObjectHideFlags: 0
  m_CorrespondingSourceObject: {fileID: 0}
  m_PrefabInstance: {fileID: 0}
  m_PrefabAsset: {fileID: 0}
  m_GameObject: {fileID: 646418324}
  m_LocalRotation: {x: 0, y: 0, z: 0, w: 1}
  m_LocalPosition: {x: 26.71772, y: 5.4649143, z: 4.998886}
  m_LocalScale: {x: 1, y: 1, z: 1}
  m_Children: []
  m_Father: {fileID: 0}
  m_RootOrder: 2
  m_LocalEulerAnglesHint: {x: 0, y: 0, z: 0}
--- !u!1001 &685610723
PrefabInstance:
  m_ObjectHideFlags: 0
  serializedVersion: 2
  m_Modification:
    m_TransformParent: {fileID: 1452422908}
    m_Modifications:
    - target: {fileID: 100000, guid: d85d3a32fb6157d488e31edf82b7b1c4, type: 3}
      propertyPath: m_Name
      value: StepsPrototype04x02x02
      objectReference: {fileID: 0}
    - target: {fileID: 400000, guid: d85d3a32fb6157d488e31edf82b7b1c4, type: 3}
      propertyPath: m_RootOrder
      value: 6
      objectReference: {fileID: 0}
    - target: {fileID: 400000, guid: d85d3a32fb6157d488e31edf82b7b1c4, type: 3}
      propertyPath: m_LocalPosition.x
      value: -4.9093485
      objectReference: {fileID: 0}
    - target: {fileID: 400000, guid: d85d3a32fb6157d488e31edf82b7b1c4, type: 3}
      propertyPath: m_LocalPosition.y
      value: 7.0748096
      objectReference: {fileID: 0}
    - target: {fileID: 400000, guid: d85d3a32fb6157d488e31edf82b7b1c4, type: 3}
      propertyPath: m_LocalPosition.z
      value: -20.85242
      objectReference: {fileID: 0}
    - target: {fileID: 400000, guid: d85d3a32fb6157d488e31edf82b7b1c4, type: 3}
      propertyPath: m_LocalRotation.w
      value: 1
      objectReference: {fileID: 0}
    - target: {fileID: 400000, guid: d85d3a32fb6157d488e31edf82b7b1c4, type: 3}
      propertyPath: m_LocalRotation.x
      value: -0
      objectReference: {fileID: 0}
    - target: {fileID: 400000, guid: d85d3a32fb6157d488e31edf82b7b1c4, type: 3}
      propertyPath: m_LocalRotation.y
      value: -0
      objectReference: {fileID: 0}
    - target: {fileID: 400000, guid: d85d3a32fb6157d488e31edf82b7b1c4, type: 3}
      propertyPath: m_LocalRotation.z
      value: -0
      objectReference: {fileID: 0}
    - target: {fileID: 400000, guid: d85d3a32fb6157d488e31edf82b7b1c4, type: 3}
      propertyPath: m_LocalEulerAnglesHint.x
      value: 0
      objectReference: {fileID: 0}
    - target: {fileID: 400000, guid: d85d3a32fb6157d488e31edf82b7b1c4, type: 3}
      propertyPath: m_LocalEulerAnglesHint.y
      value: 0
      objectReference: {fileID: 0}
    - target: {fileID: 400000, guid: d85d3a32fb6157d488e31edf82b7b1c4, type: 3}
      propertyPath: m_LocalEulerAnglesHint.z
      value: 0
      objectReference: {fileID: 0}
    m_RemovedComponents: []
  m_SourcePrefab: {fileID: 100100000, guid: d85d3a32fb6157d488e31edf82b7b1c4, type: 3}
--- !u!4 &685610724 stripped
Transform:
  m_CorrespondingSourceObject: {fileID: 400000, guid: d85d3a32fb6157d488e31edf82b7b1c4, type: 3}
  m_PrefabInstance: {fileID: 685610723}
  m_PrefabAsset: {fileID: 0}
--- !u!1 &685610725 stripped
GameObject:
  m_CorrespondingSourceObject: {fileID: 100000, guid: d85d3a32fb6157d488e31edf82b7b1c4, type: 3}
  m_PrefabInstance: {fileID: 685610723}
  m_PrefabAsset: {fileID: 0}
--- !u!64 &685610726
MeshCollider:
  m_ObjectHideFlags: 0
  m_CorrespondingSourceObject: {fileID: 0}
  m_PrefabInstance: {fileID: 0}
  m_PrefabAsset: {fileID: 0}
  m_GameObject: {fileID: 685610725}
  m_Material: {fileID: 0}
  m_IsTrigger: 0
  m_Enabled: 1
  serializedVersion: 4
  m_Convex: 0
  m_CookingOptions: 30
  m_Mesh: {fileID: 4300002, guid: 900e53dd850c9cc4281be6fa21bdfea5, type: 3}
--- !u!1 &796786708
GameObject:
  m_ObjectHideFlags: 0
  m_CorrespondingSourceObject: {fileID: 0}
  m_PrefabInstance: {fileID: 0}
  m_PrefabAsset: {fileID: 0}
  serializedVersion: 6
  m_Component:
  - component: {fileID: 796786711}
  - component: {fileID: 796786710}
  m_Layer: 0
  m_Name: Main Camera
  m_TagString: MainCamera
  m_Icon: {fileID: 0}
  m_NavMeshLayer: 0
  m_StaticEditorFlags: 0
  m_IsActive: 1
--- !u!20 &796786710
Camera:
  m_ObjectHideFlags: 0
  m_CorrespondingSourceObject: {fileID: 0}
  m_PrefabInstance: {fileID: 0}
  m_PrefabAsset: {fileID: 0}
  m_GameObject: {fileID: 796786708}
  m_Enabled: 1
  serializedVersion: 2
  m_ClearFlags: 1
  m_BackGroundColor: {r: 0.19215687, g: 0.3019608, b: 0.4745098, a: 0}
  m_projectionMatrixMode: 1
  m_GateFitMode: 2
  m_FOVAxisMode: 0
  m_SensorSize: {x: 36, y: 24}
  m_LensShift: {x: 0, y: 0}
  m_FocalLength: 50
  m_NormalizedViewPortRect:
    serializedVersion: 2
    x: 0
    y: 0
    width: 1
    height: 1
  near clip plane: 0.3
  far clip plane: 1000
  field of view: 60
  orthographic: 0
  orthographic size: 5
  m_Depth: -1
  m_CullingMask:
    serializedVersion: 2
    m_Bits: 4294967295
  m_RenderingPath: -1
  m_TargetTexture: {fileID: 0}
  m_TargetDisplay: 0
  m_TargetEye: 3
  m_HDR: 1
  m_AllowMSAA: 1
  m_AllowDynamicResolution: 0
  m_ForceIntoRT: 0
  m_OcclusionCulling: 1
  m_StereoConvergence: 10
  m_StereoSeparation: 0.022
--- !u!4 &796786711
Transform:
  m_ObjectHideFlags: 0
  m_CorrespondingSourceObject: {fileID: 0}
  m_PrefabInstance: {fileID: 0}
  m_PrefabAsset: {fileID: 0}
  m_GameObject: {fileID: 796786708}
  m_LocalRotation: {x: 0, y: 0, z: 0, w: 1}
  m_LocalPosition: {x: 0, y: 1, z: -10}
  m_LocalScale: {x: 1, y: 1, z: 1}
  m_Children: []
  m_Father: {fileID: 0}
  m_RootOrder: 0
  m_LocalEulerAnglesHint: {x: 0, y: 0, z: 0}
--- !u!1001 &808720889
PrefabInstance:
  m_ObjectHideFlags: 0
  serializedVersion: 2
  m_Modification:
    m_TransformParent: {fileID: 1452422908}
    m_Modifications:
    - target: {fileID: 100000, guid: 831c1389ceffed84d947c9aa3fc86ac2, type: 3}
      propertyPath: m_Name
      value: PlatformPrototype04x01x04 (1)
      objectReference: {fileID: 0}
    - target: {fileID: 400000, guid: 831c1389ceffed84d947c9aa3fc86ac2, type: 3}
      propertyPath: m_RootOrder
      value: 5
      objectReference: {fileID: 0}
    - target: {fileID: 400000, guid: 831c1389ceffed84d947c9aa3fc86ac2, type: 3}
      propertyPath: m_LocalPosition.x
      value: -4.0298996
      objectReference: {fileID: 0}
    - target: {fileID: 400000, guid: 831c1389ceffed84d947c9aa3fc86ac2, type: 3}
      propertyPath: m_LocalPosition.y
      value: 9.074805
      objectReference: {fileID: 0}
    - target: {fileID: 400000, guid: 831c1389ceffed84d947c9aa3fc86ac2, type: 3}
      propertyPath: m_LocalPosition.z
      value: -16.694284
      objectReference: {fileID: 0}
    - target: {fileID: 400000, guid: 831c1389ceffed84d947c9aa3fc86ac2, type: 3}
      propertyPath: m_LocalRotation.w
      value: 1
      objectReference: {fileID: 0}
    - target: {fileID: 400000, guid: 831c1389ceffed84d947c9aa3fc86ac2, type: 3}
      propertyPath: m_LocalRotation.x
      value: 0.00000008146034
      objectReference: {fileID: 0}
    - target: {fileID: 400000, guid: 831c1389ceffed84d947c9aa3fc86ac2, type: 3}
      propertyPath: m_LocalRotation.y
      value: -0
      objectReference: {fileID: 0}
    - target: {fileID: 400000, guid: 831c1389ceffed84d947c9aa3fc86ac2, type: 3}
      propertyPath: m_LocalRotation.z
      value: -0
      objectReference: {fileID: 0}
    - target: {fileID: 400000, guid: 831c1389ceffed84d947c9aa3fc86ac2, type: 3}
      propertyPath: m_LocalEulerAnglesHint.x
      value: 0
      objectReference: {fileID: 0}
    - target: {fileID: 400000, guid: 831c1389ceffed84d947c9aa3fc86ac2, type: 3}
      propertyPath: m_LocalEulerAnglesHint.y
      value: 0
      objectReference: {fileID: 0}
    - target: {fileID: 400000, guid: 831c1389ceffed84d947c9aa3fc86ac2, type: 3}
      propertyPath: m_LocalEulerAnglesHint.z
      value: 0
      objectReference: {fileID: 0}
    m_RemovedComponents: []
  m_SourcePrefab: {fileID: 100100000, guid: 831c1389ceffed84d947c9aa3fc86ac2, type: 3}
--- !u!4 &808720890 stripped
Transform:
  m_CorrespondingSourceObject: {fileID: 400000, guid: 831c1389ceffed84d947c9aa3fc86ac2, type: 3}
  m_PrefabInstance: {fileID: 808720889}
  m_PrefabAsset: {fileID: 0}
--- !u!1 &808720891 stripped
GameObject:
  m_CorrespondingSourceObject: {fileID: 100000, guid: 831c1389ceffed84d947c9aa3fc86ac2, type: 3}
  m_PrefabInstance: {fileID: 808720889}
  m_PrefabAsset: {fileID: 0}
--- !u!64 &808720892
MeshCollider:
  m_ObjectHideFlags: 0
  m_CorrespondingSourceObject: {fileID: 0}
  m_PrefabInstance: {fileID: 0}
  m_PrefabAsset: {fileID: 0}
  m_GameObject: {fileID: 808720891}
  m_Material: {fileID: 0}
  m_IsTrigger: 0
  m_Enabled: 1
  serializedVersion: 4
  m_Convex: 0
  m_CookingOptions: 30
  m_Mesh: {fileID: 4300002, guid: bc2ed85df3924a4458576f17e8b10057, type: 3}
--- !u!1001 &970475187
PrefabInstance:
  m_ObjectHideFlags: 0
  serializedVersion: 2
  m_Modification:
    m_TransformParent: {fileID: 1452422908}
    m_Modifications:
    - target: {fileID: 100000, guid: 3681543e5b0f59742b73073cb379cdc6, type: 3}
      propertyPath: m_Name
      value: FloorPrototype64x01x64
      objectReference: {fileID: 0}
    - target: {fileID: 400000, guid: 3681543e5b0f59742b73073cb379cdc6, type: 3}
      propertyPath: m_RootOrder
      value: 10
      objectReference: {fileID: 0}
    - target: {fileID: 400000, guid: 3681543e5b0f59742b73073cb379cdc6, type: 3}
      propertyPath: m_LocalPosition.x
      value: -15.8209
      objectReference: {fileID: 0}
    - target: {fileID: 400000, guid: 3681543e5b0f59742b73073cb379cdc6, type: 3}
      propertyPath: m_LocalPosition.y
      value: 7.0748053
      objectReference: {fileID: 0}
    - target: {fileID: 400000, guid: 3681543e5b0f59742b73073cb379cdc6, type: 3}
      propertyPath: m_LocalPosition.z
      value: 3.5417366
      objectReference: {fileID: 0}
    - target: {fileID: 400000, guid: 3681543e5b0f59742b73073cb379cdc6, type: 3}
      propertyPath: m_LocalRotation.w
      value: 1
      objectReference: {fileID: 0}
    - target: {fileID: 400000, guid: 3681543e5b0f59742b73073cb379cdc6, type: 3}
      propertyPath: m_LocalRotation.x
      value: 0.00000008146034
      objectReference: {fileID: 0}
    - target: {fileID: 400000, guid: 3681543e5b0f59742b73073cb379cdc6, type: 3}
      propertyPath: m_LocalRotation.y
      value: -0
      objectReference: {fileID: 0}
    - target: {fileID: 400000, guid: 3681543e5b0f59742b73073cb379cdc6, type: 3}
      propertyPath: m_LocalRotation.z
      value: -0
      objectReference: {fileID: 0}
    - target: {fileID: 400000, guid: 3681543e5b0f59742b73073cb379cdc6, type: 3}
      propertyPath: m_LocalEulerAnglesHint.x
      value: 0
      objectReference: {fileID: 0}
    - target: {fileID: 400000, guid: 3681543e5b0f59742b73073cb379cdc6, type: 3}
      propertyPath: m_LocalEulerAnglesHint.y
      value: 0
      objectReference: {fileID: 0}
    - target: {fileID: 400000, guid: 3681543e5b0f59742b73073cb379cdc6, type: 3}
      propertyPath: m_LocalEulerAnglesHint.z
      value: 0
      objectReference: {fileID: 0}
    m_RemovedComponents: []
  m_SourcePrefab: {fileID: 100100000, guid: 3681543e5b0f59742b73073cb379cdc6, type: 3}
--- !u!4 &970475188 stripped
Transform:
  m_CorrespondingSourceObject: {fileID: 400000, guid: 3681543e5b0f59742b73073cb379cdc6, type: 3}
  m_PrefabInstance: {fileID: 970475187}
  m_PrefabAsset: {fileID: 0}
--- !u!1 &970475189 stripped
GameObject:
  m_CorrespondingSourceObject: {fileID: 100000, guid: 3681543e5b0f59742b73073cb379cdc6, type: 3}
  m_PrefabInstance: {fileID: 970475187}
  m_PrefabAsset: {fileID: 0}
--- !u!64 &970475190
MeshCollider:
  m_ObjectHideFlags: 0
  m_CorrespondingSourceObject: {fileID: 0}
  m_PrefabInstance: {fileID: 0}
  m_PrefabAsset: {fileID: 0}
  m_GameObject: {fileID: 970475189}
  m_Material: {fileID: 0}
  m_IsTrigger: 0
  m_Enabled: 1
  serializedVersion: 4
  m_Convex: 0
  m_CookingOptions: 30
  m_Mesh: {fileID: 4300002, guid: fadddc63520db414bbc9126cbf4743ad, type: 3}
--- !u!1001 &1150460999
PrefabInstance:
  m_ObjectHideFlags: 0
  serializedVersion: 2
  m_Modification:
    m_TransformParent: {fileID: 1452422908}
    m_Modifications:
    - target: {fileID: 100000, guid: 04a24b5e91096bd4e8ae6fba35c4dbf8, type: 3}
      propertyPath: m_Name
      value: JoinMidPrototype04x06x01
      objectReference: {fileID: 0}
    - target: {fileID: 400000, guid: 04a24b5e91096bd4e8ae6fba35c4dbf8, type: 3}
      propertyPath: m_RootOrder
      value: 2
      objectReference: {fileID: 0}
    - target: {fileID: 400000, guid: 04a24b5e91096bd4e8ae6fba35c4dbf8, type: 3}
      propertyPath: m_LocalPosition.x
      value: -32.255436
      objectReference: {fileID: 0}
    - target: {fileID: 400000, guid: 04a24b5e91096bd4e8ae6fba35c4dbf8, type: 3}
      propertyPath: m_LocalPosition.y
      value: 7.0748158
      objectReference: {fileID: 0}
    - target: {fileID: 400000, guid: 04a24b5e91096bd4e8ae6fba35c4dbf8, type: 3}
      propertyPath: m_LocalPosition.z
      value: -20.89834
      objectReference: {fileID: 0}
    - target: {fileID: 400000, guid: 04a24b5e91096bd4e8ae6fba35c4dbf8, type: 3}
      propertyPath: m_LocalRotation.w
      value: 1
      objectReference: {fileID: 0}
    - target: {fileID: 400000, guid: 04a24b5e91096bd4e8ae6fba35c4dbf8, type: 3}
      propertyPath: m_LocalRotation.x
      value: -0
      objectReference: {fileID: 0}
    - target: {fileID: 400000, guid: 04a24b5e91096bd4e8ae6fba35c4dbf8, type: 3}
      propertyPath: m_LocalRotation.y
      value: -0
      objectReference: {fileID: 0}
    - target: {fileID: 400000, guid: 04a24b5e91096bd4e8ae6fba35c4dbf8, type: 3}
      propertyPath: m_LocalRotation.z
      value: -0
      objectReference: {fileID: 0}
    - target: {fileID: 400000, guid: 04a24b5e91096bd4e8ae6fba35c4dbf8, type: 3}
      propertyPath: m_LocalEulerAnglesHint.x
      value: 0
      objectReference: {fileID: 0}
    - target: {fileID: 400000, guid: 04a24b5e91096bd4e8ae6fba35c4dbf8, type: 3}
      propertyPath: m_LocalEulerAnglesHint.y
      value: 0
      objectReference: {fileID: 0}
    - target: {fileID: 400000, guid: 04a24b5e91096bd4e8ae6fba35c4dbf8, type: 3}
      propertyPath: m_LocalEulerAnglesHint.z
      value: 0
      objectReference: {fileID: 0}
    m_RemovedComponents: []
  m_SourcePrefab: {fileID: 100100000, guid: 04a24b5e91096bd4e8ae6fba35c4dbf8, type: 3}
--- !u!4 &1150461000 stripped
Transform:
  m_CorrespondingSourceObject: {fileID: 400000, guid: 04a24b5e91096bd4e8ae6fba35c4dbf8, type: 3}
  m_PrefabInstance: {fileID: 1150460999}
  m_PrefabAsset: {fileID: 0}
--- !u!1 &1150461001 stripped
GameObject:
  m_CorrespondingSourceObject: {fileID: 100000, guid: 04a24b5e91096bd4e8ae6fba35c4dbf8, type: 3}
  m_PrefabInstance: {fileID: 1150460999}
  m_PrefabAsset: {fileID: 0}
--- !u!64 &1150461002
MeshCollider:
  m_ObjectHideFlags: 0
  m_CorrespondingSourceObject: {fileID: 0}
  m_PrefabInstance: {fileID: 0}
  m_PrefabAsset: {fileID: 0}
  m_GameObject: {fileID: 1150461001}
  m_Material: {fileID: 0}
  m_IsTrigger: 0
  m_Enabled: 1
  serializedVersion: 4
  m_Convex: 0
  m_CookingOptions: 30
  m_Mesh: {fileID: 4300002, guid: 40384240c1c82b94db82531689571ab0, type: 3}
--- !u!1001 &1235104105
PrefabInstance:
  m_ObjectHideFlags: 0
  serializedVersion: 2
  m_Modification:
    m_TransformParent: {fileID: 1452422908}
    m_Modifications:
    - target: {fileID: 100000, guid: 45635d5190a12bc4884469b7dcafa846, type: 3}
      propertyPath: m_Name
      value: PlatformPrototype02x01x02
      objectReference: {fileID: 0}
    - target: {fileID: 400000, guid: 45635d5190a12bc4884469b7dcafa846, type: 3}
      propertyPath: m_RootOrder
      value: 7
      objectReference: {fileID: 0}
    - target: {fileID: 400000, guid: 45635d5190a12bc4884469b7dcafa846, type: 3}
      propertyPath: m_LocalPosition.x
      value: -11.484047
      objectReference: {fileID: 0}
    - target: {fileID: 400000, guid: 45635d5190a12bc4884469b7dcafa846, type: 3}
      propertyPath: m_LocalPosition.y
      value: 8.074807
      objectReference: {fileID: 0}
    - target: {fileID: 400000, guid: 45635d5190a12bc4884469b7dcafa846, type: 3}
      propertyPath: m_LocalPosition.z
      value: -23.670279
      objectReference: {fileID: 0}
    - target: {fileID: 400000, guid: 45635d5190a12bc4884469b7dcafa846, type: 3}
      propertyPath: m_LocalRotation.w
      value: 1
      objectReference: {fileID: 0}
    - target: {fileID: 400000, guid: 45635d5190a12bc4884469b7dcafa846, type: 3}
      propertyPath: m_LocalRotation.x
      value: -0
      objectReference: {fileID: 0}
    - target: {fileID: 400000, guid: 45635d5190a12bc4884469b7dcafa846, type: 3}
      propertyPath: m_LocalRotation.y
      value: -0
      objectReference: {fileID: 0}
    - target: {fileID: 400000, guid: 45635d5190a12bc4884469b7dcafa846, type: 3}
      propertyPath: m_LocalRotation.z
      value: -0
      objectReference: {fileID: 0}
    - target: {fileID: 400000, guid: 45635d5190a12bc4884469b7dcafa846, type: 3}
      propertyPath: m_LocalEulerAnglesHint.x
      value: 0
      objectReference: {fileID: 0}
    - target: {fileID: 400000, guid: 45635d5190a12bc4884469b7dcafa846, type: 3}
      propertyPath: m_LocalEulerAnglesHint.y
      value: 0
      objectReference: {fileID: 0}
    - target: {fileID: 400000, guid: 45635d5190a12bc4884469b7dcafa846, type: 3}
      propertyPath: m_LocalEulerAnglesHint.z
      value: 0
      objectReference: {fileID: 0}
    m_RemovedComponents: []
  m_SourcePrefab: {fileID: 100100000, guid: 45635d5190a12bc4884469b7dcafa846, type: 3}
--- !u!4 &1235104106 stripped
Transform:
  m_CorrespondingSourceObject: {fileID: 400000, guid: 45635d5190a12bc4884469b7dcafa846, type: 3}
  m_PrefabInstance: {fileID: 1235104105}
  m_PrefabAsset: {fileID: 0}
--- !u!1 &1235104107 stripped
GameObject:
  m_CorrespondingSourceObject: {fileID: 100000, guid: 45635d5190a12bc4884469b7dcafa846, type: 3}
  m_PrefabInstance: {fileID: 1235104105}
  m_PrefabAsset: {fileID: 0}
--- !u!64 &1235104108
MeshCollider:
  m_ObjectHideFlags: 0
  m_CorrespondingSourceObject: {fileID: 0}
  m_PrefabInstance: {fileID: 0}
  m_PrefabAsset: {fileID: 0}
  m_GameObject: {fileID: 1235104107}
  m_Material: {fileID: 0}
  m_IsTrigger: 0
  m_Enabled: 1
  serializedVersion: 4
  m_Convex: 0
  m_CookingOptions: 30
  m_Mesh: {fileID: 4300002, guid: 38a9d3cc5c1e0aa4f92ff3445b73ed7f, type: 3}
--- !u!1001 &1295508356
PrefabInstance:
  m_ObjectHideFlags: 0
  serializedVersion: 2
  m_Modification:
    m_TransformParent: {fileID: 1452422908}
    m_Modifications:
    - target: {fileID: 100000, guid: 584a8ef4749c89745b7ae07f3ba7617f, type: 3}
      propertyPath: m_Name
      value: FloorPrototype08x01x08
      objectReference: {fileID: 0}
    - target: {fileID: 400000, guid: 584a8ef4749c89745b7ae07f3ba7617f, type: 3}
      propertyPath: m_RootOrder
      value: 4
      objectReference: {fileID: 0}
    - target: {fileID: 400000, guid: 584a8ef4749c89745b7ae07f3ba7617f, type: 3}
      propertyPath: m_LocalPosition.x
      value: -20.205708
      objectReference: {fileID: 0}
    - target: {fileID: 400000, guid: 584a8ef4749c89745b7ae07f3ba7617f, type: 3}
      propertyPath: m_LocalPosition.y
      value: 8.074819
      objectReference: {fileID: 0}
    - target: {fileID: 400000, guid: 584a8ef4749c89745b7ae07f3ba7617f, type: 3}
      propertyPath: m_LocalPosition.z
      value: -9.393354
      objectReference: {fileID: 0}
    - target: {fileID: 400000, guid: 584a8ef4749c89745b7ae07f3ba7617f, type: 3}
      propertyPath: m_LocalRotation.w
      value: 1
      objectReference: {fileID: 0}
    - target: {fileID: 400000, guid: 584a8ef4749c89745b7ae07f3ba7617f, type: 3}
      propertyPath: m_LocalRotation.x
      value: 0.00000008146034
      objectReference: {fileID: 0}
    - target: {fileID: 400000, guid: 584a8ef4749c89745b7ae07f3ba7617f, type: 3}
      propertyPath: m_LocalRotation.y
      value: -0
      objectReference: {fileID: 0}
    - target: {fileID: 400000, guid: 584a8ef4749c89745b7ae07f3ba7617f, type: 3}
      propertyPath: m_LocalRotation.z
      value: -0
      objectReference: {fileID: 0}
    - target: {fileID: 400000, guid: 584a8ef4749c89745b7ae07f3ba7617f, type: 3}
      propertyPath: m_LocalEulerAnglesHint.x
      value: 0
      objectReference: {fileID: 0}
    - target: {fileID: 400000, guid: 584a8ef4749c89745b7ae07f3ba7617f, type: 3}
      propertyPath: m_LocalEulerAnglesHint.y
      value: 0
      objectReference: {fileID: 0}
    - target: {fileID: 400000, guid: 584a8ef4749c89745b7ae07f3ba7617f, type: 3}
      propertyPath: m_LocalEulerAnglesHint.z
      value: 0
      objectReference: {fileID: 0}
    m_RemovedComponents: []
  m_SourcePrefab: {fileID: 100100000, guid: 584a8ef4749c89745b7ae07f3ba7617f, type: 3}
--- !u!4 &1295508357 stripped
Transform:
  m_CorrespondingSourceObject: {fileID: 400000, guid: 584a8ef4749c89745b7ae07f3ba7617f, type: 3}
  m_PrefabInstance: {fileID: 1295508356}
  m_PrefabAsset: {fileID: 0}
--- !u!1 &1295508358 stripped
GameObject:
  m_CorrespondingSourceObject: {fileID: 100000, guid: 584a8ef4749c89745b7ae07f3ba7617f, type: 3}
  m_PrefabInstance: {fileID: 1295508356}
  m_PrefabAsset: {fileID: 0}
--- !u!64 &1295508359
MeshCollider:
  m_ObjectHideFlags: 0
  m_CorrespondingSourceObject: {fileID: 0}
  m_PrefabInstance: {fileID: 0}
  m_PrefabAsset: {fileID: 0}
  m_GameObject: {fileID: 1295508358}
  m_Material: {fileID: 0}
  m_IsTrigger: 0
  m_Enabled: 1
  serializedVersion: 4
  m_Convex: 0
  m_CookingOptions: 30
  m_Mesh: {fileID: 4300002, guid: 16fb769c0394c36469ed40a4f35c1eec, type: 3}
--- !u!1 &1452422907
GameObject:
  m_ObjectHideFlags: 0
  m_CorrespondingSourceObject: {fileID: 0}
  m_PrefabInstance: {fileID: 0}
  m_PrefabAsset: {fileID: 0}
  serializedVersion: 6
  m_Component:
  - component: {fileID: 1452422908}
  m_Layer: 0
  m_Name: Environment
  m_TagString: Untagged
  m_Icon: {fileID: 0}
  m_NavMeshLayer: 0
  m_StaticEditorFlags: 0
  m_IsActive: 1
--- !u!4 &1452422908
Transform:
  m_ObjectHideFlags: 0
  m_CorrespondingSourceObject: {fileID: 0}
  m_PrefabInstance: {fileID: 0}
  m_PrefabAsset: {fileID: 0}
  m_GameObject: {fileID: 1452422907}
  m_LocalRotation: {x: 0, y: 0, z: 0, w: 1}
  m_LocalPosition: {x: 15.8209, y: -7.0748053, z: -3.5417366}
  m_LocalScale: {x: 1, y: 1, z: 1}
  m_Children:
  - {fileID: 1694023637}
  - {fileID: 226940377}
  - {fileID: 1150461000}
  - {fileID: 2007313826}
  - {fileID: 1295508357}
  - {fileID: 808720890}
  - {fileID: 685610724}
  - {fileID: 1235104106}
  - {fileID: 1668996272}
  - {fileID: 1996590728}
  - {fileID: 970475188}
  m_Father: {fileID: 0}
  m_RootOrder: 3
  m_LocalEulerAnglesHint: {x: 0, y: 0, z: 0}
--- !u!1 &1540444592
GameObject:
  m_ObjectHideFlags: 0
  m_CorrespondingSourceObject: {fileID: 0}
  m_PrefabInstance: {fileID: 0}
  m_PrefabAsset: {fileID: 0}
  serializedVersion: 6
  m_Component:
  - component: {fileID: 1540444594}
  - component: {fileID: 1540444593}
  m_Layer: 0
  m_Name: Directional Light
  m_TagString: Untagged
  m_Icon: {fileID: 0}
  m_NavMeshLayer: 0
  m_StaticEditorFlags: 0
  m_IsActive: 1
--- !u!108 &1540444593
Light:
  m_ObjectHideFlags: 0
  m_CorrespondingSourceObject: {fileID: 0}
  m_PrefabInstance: {fileID: 0}
  m_PrefabAsset: {fileID: 0}
  m_GameObject: {fileID: 1540444592}
  m_Enabled: 1
  serializedVersion: 10
  m_Type: 1
  m_Shape: 0
  m_Color: {r: 1, g: 0.95686275, b: 0.8392157, a: 1}
  m_Intensity: 1
  m_Range: 10
  m_SpotAngle: 30
  m_InnerSpotAngle: 21.80208
  m_CookieSize: 10
  m_Shadows:
    m_Type: 2
    m_Resolution: -1
    m_CustomResolution: -1
    m_Strength: 1
    m_Bias: 0.05
    m_NormalBias: 0.4
    m_NearPlane: 0.2
    m_CullingMatrixOverride:
      e00: 1
      e01: 0
      e02: 0
      e03: 0
      e10: 0
      e11: 1
      e12: 0
      e13: 0
      e20: 0
      e21: 0
      e22: 1
      e23: 0
      e30: 0
      e31: 0
      e32: 0
      e33: 1
    m_UseCullingMatrixOverride: 0
  m_Cookie: {fileID: 0}
  m_DrawHalo: 0
  m_Flare: {fileID: 0}
  m_RenderMode: 0
  m_CullingMask:
    serializedVersion: 2
    m_Bits: 4294967295
  m_RenderingLayerMask: 1
  m_Lightmapping: 4
  m_LightShadowCasterMode: 0
  m_AreaSize: {x: 1, y: 1}
  m_BounceIntensity: 1
  m_ColorTemperature: 6570
  m_UseColorTemperature: 0
  m_BoundingSphereOverride: {x: 0, y: 0, z: 0, w: 0}
  m_UseBoundingSphereOverride: 0
  m_UseViewFrustumForShadowCasterCull: 1
  m_ShadowRadius: 0
  m_ShadowAngle: 0
--- !u!4 &1540444594
Transform:
  m_ObjectHideFlags: 0
  m_CorrespondingSourceObject: {fileID: 0}
  m_PrefabInstance: {fileID: 0}
  m_PrefabAsset: {fileID: 0}
  m_GameObject: {fileID: 1540444592}
  m_LocalRotation: {x: 0.40821788, y: -0.23456968, z: 0.10938163, w: 0.8754261}
  m_LocalPosition: {x: 0, y: 3, z: 0}
  m_LocalScale: {x: 1, y: 1, z: 1}
  m_Children: []
  m_Father: {fileID: 0}
  m_RootOrder: 1
  m_LocalEulerAnglesHint: {x: 50, y: -30, z: 0}
--- !u!1001 &1668996271
PrefabInstance:
  m_ObjectHideFlags: 0
  serializedVersion: 2
  m_Modification:
    m_TransformParent: {fileID: 1452422908}
    m_Modifications:
    - target: {fileID: 100000, guid: 831c1389ceffed84d947c9aa3fc86ac2, type: 3}
      propertyPath: m_Name
      value: PlatformPrototype04x01x04
      objectReference: {fileID: 0}
    - target: {fileID: 400000, guid: 831c1389ceffed84d947c9aa3fc86ac2, type: 3}
      propertyPath: m_RootOrder
      value: 8
      objectReference: {fileID: 0}
    - target: {fileID: 400000, guid: 831c1389ceffed84d947c9aa3fc86ac2, type: 3}
      propertyPath: m_LocalPosition.x
      value: -4.0409
      objectReference: {fileID: 0}
    - target: {fileID: 400000, guid: 831c1389ceffed84d947c9aa3fc86ac2, type: 3}
      propertyPath: m_LocalPosition.y
      value: 8.074805
      objectReference: {fileID: 0}
    - target: {fileID: 400000, guid: 831c1389ceffed84d947c9aa3fc86ac2, type: 3}
      propertyPath: m_LocalPosition.z
      value: -16.758263
      objectReference: {fileID: 0}
    - target: {fileID: 400000, guid: 831c1389ceffed84d947c9aa3fc86ac2, type: 3}
      propertyPath: m_LocalRotation.w
      value: 1
      objectReference: {fileID: 0}
    - target: {fileID: 400000, guid: 831c1389ceffed84d947c9aa3fc86ac2, type: 3}
      propertyPath: m_LocalRotation.x
      value: 0.00000008146034
      objectReference: {fileID: 0}
    - target: {fileID: 400000, guid: 831c1389ceffed84d947c9aa3fc86ac2, type: 3}
      propertyPath: m_LocalRotation.y
      value: -0
      objectReference: {fileID: 0}
    - target: {fileID: 400000, guid: 831c1389ceffed84d947c9aa3fc86ac2, type: 3}
      propertyPath: m_LocalRotation.z
      value: -0
      objectReference: {fileID: 0}
    - target: {fileID: 400000, guid: 831c1389ceffed84d947c9aa3fc86ac2, type: 3}
      propertyPath: m_LocalEulerAnglesHint.x
      value: 0
      objectReference: {fileID: 0}
    - target: {fileID: 400000, guid: 831c1389ceffed84d947c9aa3fc86ac2, type: 3}
      propertyPath: m_LocalEulerAnglesHint.y
      value: 0
      objectReference: {fileID: 0}
    - target: {fileID: 400000, guid: 831c1389ceffed84d947c9aa3fc86ac2, type: 3}
      propertyPath: m_LocalEulerAnglesHint.z
      value: 0
      objectReference: {fileID: 0}
    m_RemovedComponents: []
  m_SourcePrefab: {fileID: 100100000, guid: 831c1389ceffed84d947c9aa3fc86ac2, type: 3}
--- !u!4 &1668996272 stripped
Transform:
  m_CorrespondingSourceObject: {fileID: 400000, guid: 831c1389ceffed84d947c9aa3fc86ac2, type: 3}
  m_PrefabInstance: {fileID: 1668996271}
  m_PrefabAsset: {fileID: 0}
--- !u!1 &1668996273 stripped
GameObject:
  m_CorrespondingSourceObject: {fileID: 100000, guid: 831c1389ceffed84d947c9aa3fc86ac2, type: 3}
  m_PrefabInstance: {fileID: 1668996271}
  m_PrefabAsset: {fileID: 0}
--- !u!64 &1668996274
MeshCollider:
  m_ObjectHideFlags: 0
  m_CorrespondingSourceObject: {fileID: 0}
  m_PrefabInstance: {fileID: 0}
  m_PrefabAsset: {fileID: 0}
  m_GameObject: {fileID: 1668996273}
  m_Material: {fileID: 0}
  m_IsTrigger: 0
  m_Enabled: 1
  serializedVersion: 4
  m_Convex: 0
  m_CookingOptions: 30
  m_Mesh: {fileID: 4300002, guid: bc2ed85df3924a4458576f17e8b10057, type: 3}
--- !u!1001 &1694023636
PrefabInstance:
  m_ObjectHideFlags: 0
  serializedVersion: 2
  m_Modification:
    m_TransformParent: {fileID: 1452422908}
    m_Modifications:
    - target: {fileID: 100000, guid: ab33e6080ae416b4d899f39fa8951b98, type: 3}
      propertyPath: m_Name
      value: BlockPrototype04x04x04
      objectReference: {fileID: 0}
    - target: {fileID: 400000, guid: ab33e6080ae416b4d899f39fa8951b98, type: 3}
      propertyPath: m_RootOrder
      value: 0
      objectReference: {fileID: 0}
    - target: {fileID: 400000, guid: ab33e6080ae416b4d899f39fa8951b98, type: 3}
      propertyPath: m_LocalPosition.x
      value: -21.780834
      objectReference: {fileID: 0}
    - target: {fileID: 400000, guid: ab33e6080ae416b4d899f39fa8951b98, type: 3}
      propertyPath: m_LocalPosition.y
      value: 7.0748057
      objectReference: {fileID: 0}
    - target: {fileID: 400000, guid: ab33e6080ae416b4d899f39fa8951b98, type: 3}
      propertyPath: m_LocalPosition.z
      value: 4.1685715
      objectReference: {fileID: 0}
    - target: {fileID: 400000, guid: ab33e6080ae416b4d899f39fa8951b98, type: 3}
      propertyPath: m_LocalRotation.w
      value: 1
      objectReference: {fileID: 0}
    - target: {fileID: 400000, guid: ab33e6080ae416b4d899f39fa8951b98, type: 3}
      propertyPath: m_LocalRotation.x
      value: -0
      objectReference: {fileID: 0}
    - target: {fileID: 400000, guid: ab33e6080ae416b4d899f39fa8951b98, type: 3}
      propertyPath: m_LocalRotation.y
      value: -0
      objectReference: {fileID: 0}
    - target: {fileID: 400000, guid: ab33e6080ae416b4d899f39fa8951b98, type: 3}
      propertyPath: m_LocalRotation.z
      value: -0
      objectReference: {fileID: 0}
    - target: {fileID: 400000, guid: ab33e6080ae416b4d899f39fa8951b98, type: 3}
      propertyPath: m_LocalEulerAnglesHint.x
      value: 0
      objectReference: {fileID: 0}
    - target: {fileID: 400000, guid: ab33e6080ae416b4d899f39fa8951b98, type: 3}
      propertyPath: m_LocalEulerAnglesHint.y
      value: 0
      objectReference: {fileID: 0}
    - target: {fileID: 400000, guid: ab33e6080ae416b4d899f39fa8951b98, type: 3}
      propertyPath: m_LocalEulerAnglesHint.z
      value: 0
      objectReference: {fileID: 0}
    m_RemovedComponents: []
  m_SourcePrefab: {fileID: 100100000, guid: ab33e6080ae416b4d899f39fa8951b98, type: 3}
--- !u!4 &1694023637 stripped
Transform:
  m_CorrespondingSourceObject: {fileID: 400000, guid: ab33e6080ae416b4d899f39fa8951b98, type: 3}
  m_PrefabInstance: {fileID: 1694023636}
  m_PrefabAsset: {fileID: 0}
--- !u!1 &1694023638 stripped
GameObject:
  m_CorrespondingSourceObject: {fileID: 100000, guid: ab33e6080ae416b4d899f39fa8951b98, type: 3}
  m_PrefabInstance: {fileID: 1694023636}
  m_PrefabAsset: {fileID: 0}
--- !u!64 &1694023639
MeshCollider:
  m_ObjectHideFlags: 0
  m_CorrespondingSourceObject: {fileID: 0}
  m_PrefabInstance: {fileID: 0}
  m_PrefabAsset: {fileID: 0}
  m_GameObject: {fileID: 1694023638}
  m_Material: {fileID: 0}
  m_IsTrigger: 0
  m_Enabled: 1
  serializedVersion: 4
  m_Convex: 0
  m_CookingOptions: 30
  m_Mesh: {fileID: 4300002, guid: 622a87b3379022740be7e2efea3ebd33, type: 3}
--- !u!1001 &1996590727
PrefabInstance:
  m_ObjectHideFlags: 0
  serializedVersion: 2
  m_Modification:
    m_TransformParent: {fileID: 1452422908}
    m_Modifications:
    - target: {fileID: 100000, guid: 5862bbfe91a75054ca72c13b555b6ac5, type: 3}
      propertyPath: m_Name
      value: HousePrototype16x16x24
      objectReference: {fileID: 0}
    - target: {fileID: 400000, guid: 5862bbfe91a75054ca72c13b555b6ac5, type: 3}
      propertyPath: m_RootOrder
      value: 9
      objectReference: {fileID: 0}
    - target: {fileID: 400000, guid: 5862bbfe91a75054ca72c13b555b6ac5, type: 3}
      propertyPath: m_LocalPosition.x
      value: 1.2791004
      objectReference: {fileID: 0}
    - target: {fileID: 400000, guid: 5862bbfe91a75054ca72c13b555b6ac5, type: 3}
      propertyPath: m_LocalPosition.y
      value: 7.0748076
      objectReference: {fileID: 0}
    - target: {fileID: 400000, guid: 5862bbfe91a75054ca72c13b555b6ac5, type: 3}
      propertyPath: m_LocalPosition.z
      value: 21.041737
      objectReference: {fileID: 0}
    - target: {fileID: 400000, guid: 5862bbfe91a75054ca72c13b555b6ac5, type: 3}
      propertyPath: m_LocalRotation.w
      value: 1
      objectReference: {fileID: 0}
    - target: {fileID: 400000, guid: 5862bbfe91a75054ca72c13b555b6ac5, type: 3}
      propertyPath: m_LocalRotation.x
      value: -0
      objectReference: {fileID: 0}
    - target: {fileID: 400000, guid: 5862bbfe91a75054ca72c13b555b6ac5, type: 3}
      propertyPath: m_LocalRotation.y
      value: -0
      objectReference: {fileID: 0}
    - target: {fileID: 400000, guid: 5862bbfe91a75054ca72c13b555b6ac5, type: 3}
      propertyPath: m_LocalRotation.z
      value: -0
      objectReference: {fileID: 0}
    - target: {fileID: 400000, guid: 5862bbfe91a75054ca72c13b555b6ac5, type: 3}
      propertyPath: m_LocalEulerAnglesHint.x
      value: 0
      objectReference: {fileID: 0}
    - target: {fileID: 400000, guid: 5862bbfe91a75054ca72c13b555b6ac5, type: 3}
      propertyPath: m_LocalEulerAnglesHint.y
      value: 0
      objectReference: {fileID: 0}
    - target: {fileID: 400000, guid: 5862bbfe91a75054ca72c13b555b6ac5, type: 3}
      propertyPath: m_LocalEulerAnglesHint.z
      value: 0
      objectReference: {fileID: 0}
    m_RemovedComponents: []
  m_SourcePrefab: {fileID: 100100000, guid: 5862bbfe91a75054ca72c13b555b6ac5, type: 3}
--- !u!4 &1996590728 stripped
Transform:
  m_CorrespondingSourceObject: {fileID: 400000, guid: 5862bbfe91a75054ca72c13b555b6ac5, type: 3}
  m_PrefabInstance: {fileID: 1996590727}
  m_PrefabAsset: {fileID: 0}
--- !u!1 &1996590729 stripped
GameObject:
  m_CorrespondingSourceObject: {fileID: 100000, guid: 5862bbfe91a75054ca72c13b555b6ac5, type: 3}
  m_PrefabInstance: {fileID: 1996590727}
  m_PrefabAsset: {fileID: 0}
--- !u!64 &1996590730
MeshCollider:
  m_ObjectHideFlags: 0
  m_CorrespondingSourceObject: {fileID: 0}
  m_PrefabInstance: {fileID: 0}
  m_PrefabAsset: {fileID: 0}
  m_GameObject: {fileID: 1996590729}
  m_Material: {fileID: 0}
  m_IsTrigger: 0
  m_Enabled: 1
  serializedVersion: 4
  m_Convex: 0
  m_CookingOptions: 30
  m_Mesh: {fileID: 4300002, guid: ce7348d724aa0fc44aaf53391b9bae9b, type: 3}
--- !u!1001 &2007313825
PrefabInstance:
  m_ObjectHideFlags: 0
  serializedVersion: 2
  m_Modification:
    m_TransformParent: {fileID: 1452422908}
    m_Modifications:
    - target: {fileID: 100000, guid: 9ae7f9f9eacff4142b21eb85ae606fdc, type: 3}
      propertyPath: m_Name
      value: JoinInnerPrototype01x06x01
      objectReference: {fileID: 0}
    - target: {fileID: 400000, guid: 9ae7f9f9eacff4142b21eb85ae606fdc, type: 3}
      propertyPath: m_RootOrder
      value: 3
      objectReference: {fileID: 0}
    - target: {fileID: 400000, guid: 9ae7f9f9eacff4142b21eb85ae606fdc, type: 3}
      propertyPath: m_LocalPosition.x
      value: -9.26486
      objectReference: {fileID: 0}
    - target: {fileID: 400000, guid: 9ae7f9f9eacff4142b21eb85ae606fdc, type: 3}
      propertyPath: m_LocalPosition.y
      value: 7.0748553
      objectReference: {fileID: 0}
    - target: {fileID: 400000, guid: 9ae7f9f9eacff4142b21eb85ae606fdc, type: 3}
      propertyPath: m_LocalPosition.z
      value: 5.1449623
      objectReference: {fileID: 0}
    - target: {fileID: 400000, guid: 9ae7f9f9eacff4142b21eb85ae606fdc, type: 3}
      propertyPath: m_LocalRotation.w
      value: 1
      objectReference: {fileID: 0}
    - target: {fileID: 400000, guid: 9ae7f9f9eacff4142b21eb85ae606fdc, type: 3}
      propertyPath: m_LocalRotation.x
      value: -0
      objectReference: {fileID: 0}
    - target: {fileID: 400000, guid: 9ae7f9f9eacff4142b21eb85ae606fdc, type: 3}
      propertyPath: m_LocalRotation.y
      value: -0
      objectReference: {fileID: 0}
    - target: {fileID: 400000, guid: 9ae7f9f9eacff4142b21eb85ae606fdc, type: 3}
      propertyPath: m_LocalRotation.z
      value: -0
      objectReference: {fileID: 0}
    - target: {fileID: 400000, guid: 9ae7f9f9eacff4142b21eb85ae606fdc, type: 3}
      propertyPath: m_LocalEulerAnglesHint.x
      value: 0
      objectReference: {fileID: 0}
    - target: {fileID: 400000, guid: 9ae7f9f9eacff4142b21eb85ae606fdc, type: 3}
      propertyPath: m_LocalEulerAnglesHint.y
      value: 0
      objectReference: {fileID: 0}
    - target: {fileID: 400000, guid: 9ae7f9f9eacff4142b21eb85ae606fdc, type: 3}
      propertyPath: m_LocalEulerAnglesHint.z
      value: 0
      objectReference: {fileID: 0}
    m_RemovedComponents: []
  m_SourcePrefab: {fileID: 100100000, guid: 9ae7f9f9eacff4142b21eb85ae606fdc, type: 3}
--- !u!4 &2007313826 stripped
Transform:
  m_CorrespondingSourceObject: {fileID: 400000, guid: 9ae7f9f9eacff4142b21eb85ae606fdc, type: 3}
  m_PrefabInstance: {fileID: 2007313825}
  m_PrefabAsset: {fileID: 0}
--- !u!1 &2007313827 stripped
GameObject:
  m_CorrespondingSourceObject: {fileID: 100000, guid: 9ae7f9f9eacff4142b21eb85ae606fdc, type: 3}
  m_PrefabInstance: {fileID: 2007313825}
  m_PrefabAsset: {fileID: 0}
--- !u!64 &2007313828
MeshCollider:
  m_ObjectHideFlags: 0
  m_CorrespondingSourceObject: {fileID: 0}
  m_PrefabInstance: {fileID: 0}
  m_PrefabAsset: {fileID: 0}
  m_GameObject: {fileID: 2007313827}
  m_Material: {fileID: 0}
  m_IsTrigger: 0
  m_Enabled: 1
  serializedVersion: 4
  m_Convex: 0
  m_CookingOptions: 30
  m_Mesh: {fileID: 4300002, guid: f45b6695d6226cd48abfc605723cc3ae, type: 3}
